@article{DBLP:journals/corr/abs-1103-0398,
  author    = {Ronan Collobert and
               Jason Weston and
               L{\'{e}}on Bottou and
               Michael Karlen and
               Koray Kavukcuoglu and
               Pavel P. Kuksa},
  title     = {Natural Language Processing (almost) from Scratch},
  journal   = {CoRR},
  volume    = {abs/1103.0398},
  year      = {2011},
  url       = {http://arxiv.org/abs/1103.0398},
  archivePrefix = {arXiv},
  eprint    = {1103.0398},
  timestamp = {Wed, 07 Jun 2017 14:43:14 +0200},
  biburl    = {https://dblp.org/rec/bib/journals/corr/abs-1103-0398},
  bibsource = {dblp computer science bibliography, https://dblp.org}
}


@article{Waibel1989PhonemeRU,
  title={Phoneme recognition using time-delay neural networks},
  author={Alexander H. Waibel and Toshiyuki Hanazawa and Geoffrey E. Hinton and Kiyohiro Shikano and Kevin J. Lang},
  journal={IEEE Trans. Acoustics, Speech, and Signal Processing},
  year={1989},
  volume={37},
  pages={328-339}
}

@article{DBLP:journals/corr/LampleBSKD16,
  author    = {Guillaume Lample and
               Miguel Ballesteros and
               Sandeep Subramanian and
               Kazuya Kawakami and
               Chris Dyer},
  title     = {Neural Architectures for Named Entity Recognition},
  journal   = {CoRR},
  volume    = {abs/1603.01360},
  year      = {2016},
  url       = {http://arxiv.org/abs/1603.01360},
  archivePrefix = {arXiv},
  eprint    = {1603.01360},
  timestamp = {Wed, 07 Jun 2017 14:42:05 +0200},
  biburl    = {https://dblp.org/rec/bib/journals/corr/LampleBSKD16},
  bibsource = {dblp computer science bibliography, https://dblp.org}
}

@article{DBLP:journals/corr/LingLMAADBT15,
  author    = {Wang Ling and
               Tiago Lu{\'{\i}}s and
               Lu{\'{\i}}s Marujo and
               Ram{\'{o}}n Fern{\'{a}}ndez Astudillo and
               Silvio Amir and
               Chris Dyer and
               Alan W. Black and
               Isabel Trancoso},
  title     = {Finding Function in Form: Compositional Character Models for Open
               Vocabulary Word Representation},
  journal   = {CoRR},
  volume    = {abs/1508.02096},
  year      = {2015},
  url       = {http://arxiv.org/abs/1508.02096},
  archivePrefix = {arXiv},
  eprint    = {1508.02096},
  timestamp = {Wed, 07 Jun 2017 14:43:02 +0200},
  biburl    = {https://dblp.org/rec/bib/journals/corr/LingLMAADBT15},
  bibsource = {dblp computer science bibliography, https://dblp.org}
}

@article{JMLR:v15:srivastava14a,
  author  = {Nitish Srivastava and Geoffrey Hinton and Alex Krizhevsky and Ilya Sutskever and Ruslan Salakhutdinov},
  title   = {Dropout: A Simple Way to Prevent Neural Networks from Overfitting},
  journal = {Journal of Machine Learning Research},
  year    = {2014},
  volume  = {15},
  pages   = {1929-1958},
  url     = {http://jmlr.org/papers/v15/srivastava14a.html}
}

@inproceedings{Lafferty:2001:CRF:645530.655813,
 author = {Lafferty, John D. and McCallum, Andrew and Pereira, Fernando C. N.},
 title = {Conditional Random Fields: Probabilistic Models for Segmenting and Labeling Sequence Data},
 booktitle = {Proceedings of the Eighteenth International Conference on Machine Learning},
 series = {ICML '01},
 year = {2001},
 isbn = {1-55860-778-1},
 pages = {282--289},
 numpages = {8},
 url = {http://dl.acm.org/citation.cfm?id=645530.655813},
 acmid = {655813},
 publisher = {Morgan Kaufmann Publishers Inc.},
 address = {San Francisco, CA, USA},
} 

@article{DBLP:journals/neco/HochreiterS97,
  author    = {Sepp Hochreiter and
               J{\"{u}}rgen Schmidhuber},
  title     = {Long Short-Term Memory},
  journal   = {Neural Computation},
  volume    = {9},
  number    = {8},
  pages     = {1735--1780},
  year      = {1997}
}

@article{DBLP:journals/corr/ShenYLKA17,
  author    = {Yanyao Shen and
               Hyokun Yun and
               Zachary C. Lipton and
               Yakov Kronrod and
               Animashree Anandkumar},
  title     = {Deep Active Learning for Named Entity Recognition},
  journal   = {CoRR},
  volume    = {abs/1707.05928},
  year      = {2017}
}

@article{DBLP:journals/corr/ZhaiPXZ17,
  author    = {Feifei Zhai and
               Saloni Potdar and
               Bing Xiang and
               Bowen Zhou},
  title     = {Neural Models for Sequence Chunking},
  journal   = {CoRR},
  volume    = {abs/1701.04027},
  year      = {2017}
}

@article{DBLP:journals/corr/YangSC16,
  author    = {Zhilin Yang and
               Ruslan Salakhutdinov and
               William W. Cohen},
  title     = {Multi-Task Cross-Lingual Sequence Tagging from Scratch},
  journal   = {CoRR},
  volume    = {abs/1603.06270},
  year      = {2016}
}

@article{DBLP:journals/corr/NguyenSDF16,
  author    = {Thien Huu Nguyen and
               Avirup Sil and
               Georgiana Dinu and
               Radu Florian},
  title     = {Toward Mention Detection Robustness with Recurrent Neural Networks},
  journal   = {CoRR},
  volume    = {abs/1602.07749},
  year      = {2016}
}

@article{DBLP:journals/corr/ChiuN15,
  author    = {Jason P. C. Chiu and
               Eric Nichols},
  title     = {Named Entity Recognition with Bidirectional LSTM-CNNs},
  journal   = {CoRR},
  volume    = {abs/1511.08308},
  year      = {2015}
}

@article{DBLP:journals/corr/HuangXY15,
  author    = {Zhiheng Huang and
               Wei Xu and
               Kai Yu},
  title     = {Bidirectional {LSTM-CRF} Models for Sequence Tagging},
  journal   = {CoRR},
  volume    = {abs/1508.01991},
  year      = {2015}
}

@inproceedings{DBLP:conf/interspeech/PanchapagesanSK16,
  author    = {Sankaran Panchapagesan and
               Ming Sun and
               Aparna Khare and
               Spyros Matsoukas and
               Arindam Mandal and
               Bj{\"{o}}rn Hoffmeister and
               Shiv Vitaladevuni},
  title     = {Multi-Task Learning and Weighted Cross-Entropy for DNN-Based Keyword
               Spotting},
  booktitle = {{INTERSPEECH}},
  pages     = {760--764},
  publisher = {{ISCA}},
  year      = {2016}
}

@article{DBLP:journals/corr/SunRTPFMMSV17,
  author    = {Ming Sun and
               Anirudh Raju and
               George Tucker and
               Sankaran Panchapagesan and
               Gengshen Fu and
               Arindam Mandal and
               Spyros Matsoukas and
               Nikko Strom and
               Shiv Vitaladevuni},
  title     = {Max-Pooling Loss Training of Long Short-Term Memory Networks for Small-Footprint
               Keyword Spotting},
  journal   = {CoRR},
  volume    = {abs/1705.02411},
  year      = {2017}
}

@article{750fabedbacb467c8fafd98b87f77436,
title = "A Tutorial on the Cross-Entropy Method",
abstract = "The cross-entropy (CE) method is a new generic approach to combinatorial and multi-extremal optimization and rare event simulation. The purpose of this tutorial is to give a gentle introduction to the CE method. We present the CE methodology, the basic algorithm and its modi{\"i}¿½{\"i}¿½?cations, and discuss applications in combinatorial optimization and machine learning.",
keywords = "EWI-7716, METIS-225939, IR-63619",
author = "{de Boer}, Pieter-Tjerk and Dirk Kroese and Shie Mannor and Rubinstein, {Reuven Y.}",
note = "Imported from research group DACS (ID number 277)",
year = "2005",
month = "1",
doi = "10.1007/s10479-005-5724-z",
language = "Undefined",
volume = "134",
pages = "19--67",
journal = "Annals of operations research",
issn = "0254-5330",
publisher = "Springer Netherlands",
number = "1",
}

@article{lecun1995convolutional,
  title={Convolutional networks for images, speech, and time series},
  author={LeCun, Yann and Bengio, Yoshua and others},
  journal={The handbook of brain theory and neural networks},
  volume={3361},
  number={10},
  pages={1995},
  year={1995}
}

@article{schuster1997bidirectional,
  title={Bidirectional recurrent neural networks},
  author={Schuster, Mike and Paliwal, Kuldip K},
  journal={IEEE Transactions on Signal Processing},
  volume={45},
  number={11},
  pages={2673--2681},
  year={1997},
  publisher={IEEE}
}

@article{hopfield1982neural,
  title={Neural networks and physical systems with emergent collective computational abilities},
  author={Hopfield, John J},
  journal={Proceedings of the national academy of sciences},
  volume={79},
  number={8},
  pages={2554--2558},
  year={1982},
  publisher={National Acad Sciences}
}

@article{DBLP:journals/corr/ChoMGBSB14,
  author    = {Kyunghyun Cho and
               Bart van Merrienboer and
               {\c{C}}aglar G{\"{u}}l{\c{c}}ehre and
               Fethi Bougares and
               Holger Schwenk and
               Yoshua Bengio},
  title     = {Learning Phrase Representations using {RNN} Encoder-Decoder for Statistical
               Machine Translation},
  journal   = {CoRR},
  volume    = {abs/1406.1078},
  year      = {2014}
}